<record><leader>00000cas a22000007a 4500</leader><controlfield tag="001">25106447</controlfield><controlfield tag="008">920114d18591861ncuwr ne      0    0eng d</controlfield><datafield ind1=" " ind2=" " tag="010"><subfield code="a">sn 92073905 </subfield></datafield><datafield ind1=" " ind2=" " tag="040"><subfield code="a">NVJ</subfield><subfield code="b">eng</subfield><subfield code="c">NVJ</subfield><subfield code="d">OCLCQ</subfield></datafield><datafield ind1=" " ind2=" " tag="042"><subfield code="a">msc</subfield></datafield><datafield ind1="0" ind2="0" tag="245"><subfield code="a">Tarboro' mercury.</subfield></datafield><datafield ind1=" " ind2=" " tag="260"><subfield code="a">Tarboro', N.C. :</subfield><subfield code="b">Abner S. Williams</subfield></datafield><datafield ind1=" " ind2=" " tag="300"><subfield code="a">v.</subfield></datafield><datafield ind1=" " ind2=" " tag="310"><subfield code="a">Weekly</subfield></datafield><datafield ind1="0" ind2=" " tag="362"><subfield code="a">Vol. 1, no. 22 (Aug. 9, 1859)-</subfield></datafield><datafield ind1="1" ind2=" " tag="362"><subfield code="a">Ceased on Dec. 11, 1861.</subfield></datafield><datafield ind1=" " ind2=" " tag="752"><subfield code="a">United States</subfield><subfield code="b">North Carolina</subfield><subfield code="c">Edgecombe</subfield><subfield code="d">Tarboro.</subfield></datafield><datafield ind1="0" ind2="0" tag="780"><subfield code="t">Williamston mercury</subfield><subfield code="w">(DLC)sn 92073904</subfield></datafield><datafield ind1="0" ind2="0" tag="785"><subfield code="t">Mercury (Raleigh, N.C.)</subfield><subfield code="w">(DLC)sn 92072982</subfield></datafield></record>